<record><leader>00000cas a22000007a 4500</leader><controlfield tag="001">9352031</controlfield><controlfield tag="008">830328d18511882meuwr ne      0    0eng  </controlfield><controlfield tag="009">466</controlfield><datafield ind1=" " ind2=" " tag="010"><subfield code="a">sn 83016052 </subfield></datafield><datafield ind1=" " ind2=" " tag="040"><subfield code="a">DLC</subfield><subfield code="b">eng</subfield><subfield code="c">DLC</subfield><subfield code="d">NPX</subfield><subfield code="d">NPU</subfield><subfield code="d">DLC</subfield><subfield code="d">YOX</subfield><subfield code="d">MGN</subfield><subfield code="d">MBN</subfield><subfield code="d">OCL</subfield><subfield code="d">OCLCG</subfield><subfield code="d">OCLCO</subfield><subfield code="d">OCLCF</subfield></datafield><datafield ind1="1" ind2=" " tag="029"><subfield code="a">AU@</subfield><subfield code="b">000020225743</subfield></datafield><datafield ind1=" " ind2=" " tag="042"><subfield code="a">msc</subfield></datafield><datafield ind1=" " ind2=" " tag="043"><subfield code="a">n-us-me</subfield></datafield><datafield ind1="0" ind2="0" tag="050"><subfield code="a">Newspaper 8007-X</subfield></datafield><datafield ind1="0" ind2="0" tag="245"><subfield code="a">Rockland gazette.</subfield></datafield><datafield ind1=" " ind2=" " tag="260"><subfield code="a">Rockland, Me. :</subfield><subfield code="b">John Porter,</subfield></datafield><datafield ind1=" " ind2=" " tag="300"><subfield code="a">v. :</subfield><subfield code="b">ill. ;</subfield><subfield code="c">61-68 cm.</subfield></datafield><datafield ind1=" " ind2=" " tag="310"><subfield code="a">Weekly</subfield></datafield><datafield ind1="0" ind2=" " tag="362"><subfield code="a">Vol. 6, no. 1 (Jan. 30, 1851)-v. 37, no. 8 (Jan. 19, 1882).</subfield></datafield><datafield ind1=" " ind2=" " tag="500"><subfield code="a">Publishers: John Porter &amp; Son, 1860-&lt;1864&gt;; Wortman &amp; Porter, 1866-1871; Vose &amp; Porter, 1871-1881.</subfield></datafield><datafield ind1=" " ind2=" " tag="500"><subfield code="a">Independent Republican.</subfield></datafield><datafield ind1=" " ind2=" " tag="500"><subfield code="a">Editors: A. D. Nichols, 1850-1853; W. G. Frye, 1853-1857;        Z. P. Vose, 1857-1881.</subfield></datafield><datafield ind1=" " ind2=" " tag="580"><subfield code="a">Merged with: Rockland courier, to form: Courier-gazette          (Rockland, Me.).</subfield></datafield><datafield ind1=" " ind2="0" tag="651"><subfield code="a">Rockland (Me.)</subfield><subfield code="v">Newspapers.</subfield></datafield><datafield ind1=" " ind2="7" tag="655"><subfield code="a">Newspapers.</subfield><subfield code="2">fast</subfield><subfield code="0">(OCoLC)fst01423814</subfield></datafield><datafield ind1=" " ind2="7" tag="651"><subfield code="a">Maine</subfield><subfield code="z">Rockland.</subfield><subfield code="2">fast</subfield><subfield code="0">(OCoLC)fst01223542</subfield></datafield><datafield ind1="1" ind2=" " tag="700"><subfield code="a">Nichols, A. D.</subfield></datafield><datafield ind1="1" ind2=" " tag="700"><subfield code="a">Frye, Wakefield G.</subfield></datafield><datafield ind1="1" ind2=" " tag="700"><subfield code="a">Vose, Z. Pope</subfield><subfield code="q">(Ziba Pope),</subfield><subfield code="d">1835-1916.</subfield></datafield><datafield ind1=" " ind2=" " tag="752"><subfield code="a">United States</subfield><subfield code="b">Maine</subfield><subfield code="c">Knox</subfield><subfield code="d">Rockland.</subfield></datafield><datafield ind1="0" ind2="0" tag="780"><subfield code="t">Lime rock gazette</subfield><subfield code="w">(DLC)sn 84022370</subfield></datafield><datafield ind1="1" ind2="7" tag="785"><subfield code="t">Rockland courier</subfield><subfield code="w">(DLC)sn 84022371</subfield></datafield><datafield ind1="1" ind2="7" tag="785"><subfield code="t">Courier-gazette (Rockland, Me.)</subfield><subfield code="w">(DLC)sn 83016053</subfield></datafield></record>